<?xml version="1.0" encoding="UTF-8"?><collection xmlns="http://www.loc.gov/MARC21/slim"><record><leader>00289nam--2200121-i-4500</leader><controlfield tag="001">000009222</controlfield><controlfield tag="002">20161230</controlfield><controlfield tag="005">20161230201028</controlfield><controlfield tag="008">060222s1000------------r-----000-0-eng-d</controlfield><datafield ind1=" " ind2=" " tag="080"><subfield code="a">621.313</subfield></datafield><datafield ind1=" " ind2=" " tag="245"><subfield code="a">Catalog general</subfield></datafield><datafield ind1=" " ind2=" " tag="260"><subfield code="a">Bucuresti, Electroaparataj, 1970-1971. P. Dif</subfield></datafield><datafield ind1=" " ind2=" " tag="852"><subfield code="a">D2085</subfield></datafield></record></collection>